<record><leader>00000cas a22000007a 4500</leader><controlfield tag="001">17383537</controlfield><controlfield tag="008">880123d1930193uiauwr ne      0    0eng d</controlfield><datafield ind1=" " ind2=" " tag="010"><subfield code="a">sn 88059222 </subfield></datafield><datafield ind1=" " ind2=" " tag="040"><subfield code="a">INP</subfield><subfield code="b">eng</subfield><subfield code="c">INP</subfield><subfield code="d">OCLCQ</subfield></datafield><datafield ind1=" " ind2=" " tag="042"><subfield code="a">msc</subfield></datafield><datafield ind1="0" ind2=" " tag="130"><subfield code="a">Parkersburg eclipse and the New Hartford review, consolidated (Parkersburg, Iowa : 1930)</subfield></datafield><datafield ind1="1" ind2="4" tag="245"><subfield code="a">The Parkersburg eclipse and the New Hartford review, consolidated.</subfield></datafield><datafield ind1="1" ind2="3" tag="246"><subfield code="a">Eclipse</subfield></datafield><datafield ind1=" " ind2=" " tag="260"><subfield code="a">Parkersburg, Butler County, Iowa :</subfield><subfield code="b">Eclipse Pub. Co.,</subfield><subfield code="c">1930-</subfield></datafield><datafield ind1=" " ind2=" " tag="300"><subfield code="a">v.</subfield></datafield><datafield ind1=" " ind2=" " tag="310"><subfield code="a">Weekly</subfield></datafield><datafield ind1="0" ind2=" " tag="362"><subfield code="a">Vol. 59, no. 7 (Oct. 9, 1930)-</subfield></datafield><datafield ind1=" " ind2=" " tag="500"><subfield code="a">Includes weekly section called: New Hartford review.</subfield></datafield><datafield ind1=" " ind2=" " tag="752"><subfield code="a">United States</subfield><subfield code="b">Iowa</subfield><subfield code="c">Butler</subfield><subfield code="d">Parkersburg.</subfield></datafield><datafield ind1=" " ind2=" " tag="752"><subfield code="a">United States</subfield><subfield code="b">Iowa</subfield><subfield code="c">Butler</subfield><subfield code="d">New Hartford.</subfield></datafield><datafield ind1="0" ind2="0" tag="780"><subfield code="t">Parkersburg eclipse (Parkersburg, Iowa : 1872)</subfield><subfield code="w">(DLC)sn 84027353</subfield></datafield><datafield ind1="0" ind2="0" tag="785"><subfield code="t">Parkersburg eclipse (Parkersburg, Iowa : 1934)</subfield><subfield code="w">(DLC)sn 88059223</subfield></datafield><datafield ind1="1" ind2=" " tag="787"><subfield code="t">New Hartford review</subfield></datafield></record>